@book{antonopoulos2017mastering,
  title={Mastering Bitcoin: Programming the open blockchain},
  author={Antonopoulos, Andreas M},
  year={2017},
  publisher={" O'Reilly Media, Inc."}
}

@article{nakamoto2008bitcoin,
  title={Bitcoin: A peer-to-peer electronic cash system},
  author={Nakamoto, Satoshi and others},
  year={2008},
  publisher={Working Paper}
}

@article{delgado2018txprobe,
  title={TxProbe: Discovering Bitcoin's Network Topology Using Orphan Transactions},
  author={Delgado-Segura, Sergi and Bakshi, Surya and P{\'e}rez-Sol{\`a}, Cristina and Litton, James and Pachulski, Andrew and Miller, Andrew and Bhattacharjee, Bobby},
  journal={arXiv preprint arXiv:1812.00942},
  year={2018}
}

@article{miller2015discovering,
  title={Discovering bitcoin's public topology and influential nodes},
  author={Miller, Andrew and Litton, James and Pachulski, Andrew and Gupta, Neal and Levin, Dave and Spring, Neil and Bhattacharjee, Bobby},
  journal={et al},
  year={2015}
}

@inproceedings{neudecker2016timing,
  title={Timing analysis for inferring the topology of the bitcoin peer-to-peer network},
  author={Neudecker, Till and Andelfinger, Philipp and Hartenstein, Hannes},
  booktitle={2016 Intl IEEE Conferences on Ubiquitous Intelligence \& Computing, Advanced and Trusted Computing, Scalable Computing and Communications, Cloud and Big Data Computing, Internet of People, and Smart World Congress (UIC/ATC/ScalCom/CBDCom/IoP/SmartWorld)},
  pages={358--367},
  year={2016},
  organization={IEEE}
}

@article{tschorsch2016bitcoin,
  title={Bitcoin and beyond: A technical survey on decentralized digital currencies},
  author={Tschorsch, Florian and Scheuermann, Bj{\"o}rn},
  journal={IEEE Communications Surveys \& Tutorials},
  volume={18},
  number={3},
  pages={2084--2123},
  year={2016},
  publisher={IEEE}
}


